% this is the bibliography file

@article{shin1994real,
  title={Real-time computing: A new discipline of computer science and engineering},
  author={Shin, Kang G and Ramanathan, Parameswaran},
  journal={Proceedings of the IEEE},
  volume={82},
  number={1},
  pages={6--24},
  year={1994},
  publisher={IEEE}
}

@article{krawczyk2010hmac,
  title="{HMAC}-based {Extract}-and-{Expand} {Key} {Derivation} {Function} ({HKDF})",
  author={Krawczyk, Hugo and Eronen, Pasi},
  year={2010}
}

@article{kaliski2000pkcs,
  title="{PKCS}\# 5: {Password-based} {Cryptography} {Specification} {Version} 2.0",
  author={Kaliski, Burt},
  year={2000}
}

@Misc{fxa-content-server-webchannels,
  title="{Firefox} {Accounts} {Content} {Server} {Documentation}: {WebChannels}",
  author={Mozilla},
  howpublished={\url{https://github.com/mozilla/fxa-content-server/blob/master/docs/relier-communication-protocols/fx-webchannel.md}},
  year={Accessed: 2017-06-13},
}

@Misc{hawk-scheme,
  title="{Hawk} {Authentication} {Scheme}",
  author={Hammer, Eran},
  howpublished={\url{https://github.com/hueniverse/hawk/blob/master/README.md}},
  year={Accessed: 2017-06-20},
}

@Misc{onepw-protocol,
  title="{Firefox} {Accounts}/{Sync} {Protocol}",
  author={Mozilla},
  howpublished={\url{https://github.com/mozilla/fxa-auth-server/wiki/onepw-protocol}},
  year={Accessed: 2017-06-13},
}

@Misc{fxa-server-docs,
  title="{Firefox} {Accounts} {Server} {Documentation}",
  author={Mozilla},
  howpublished={\url{https://github.com/mozilla/fxa-auth-server/blob/master/docs/api.md}},
  year={Accessed: 2017-06-13},
}

@Misc{token-server-docs,
  title="{Token} {Server} {Documentation}",
  author={Mozilla Services},
  howpublished={\url{https://mozilla-services.readthedocs.io/en/latest/token/}},
  year={Accessed: 2017-06-20},
}

@Misc{storage-server-docs,
  title="{Sync} {Storage} {Server} {API} {Documentation}",
  author={Mozilla Services},
  howpublished={\url{https://mozilla-services.readthedocs.io/en/latest/storage/}},
  year={Accessed: 2017-06-13},
}

@Misc{sync-client-docs,
  title="{Sync} {Client} {Documentation}",
  author={Mozilla Services},
  howpublished={\url{https://mozilla-services.readthedocs.io/en/latest/sync/}},
  year={Accessed: 2017-06-20},
}

@article{moller2001nettle,
  title={Nettle Manual},
  author={M{\"o}ller, Niels},
  year={2001}
}
